<?xml version="1.0" encoding="UTF-8" ?>
<collection xmlns:xsi="http://www.w3.org/2001/XMLSchema-instance" xsi:schemaLocation="http://www.loc.gov/MARC21/slim http://www.loc.gov/standards/marcxml/schema/MARC21slim.xsd" xmlns="http://www.loc.gov/MARC21/slim">
   <record>
      <leader>     cam a22     7a 4500</leader>
      <controlfield tag="001">7523043</controlfield>
      <controlfield tag="003">NIC</controlfield>
      <controlfield tag="005">20111123061207.0</controlfield>
      <controlfield tag="008">111114n        ye       b    000 0 ara d</controlfield>
      <datafield tag="010" ind1=" " ind2=" ">
         <subfield code="a">   2010332699</subfield>
      </datafield>
      <datafield tag="035" ind1=" " ind2=" ">
         <subfield code="a">(OCoLC)762077993</subfield>
      </datafield>
      <datafield tag="035" ind1=" " ind2=" ">
         <subfield code="a">7523043</subfield>
      </datafield>
      <datafield tag="040" ind1=" " ind2=" ">
         <subfield code="a">NIC</subfield>
         <subfield code="c">NIC</subfield>
      </datafield>
      <datafield tag="050" ind1=" " ind2="4">
         <subfield code="a">BP194.1</subfield>
         <subfield code="b">.H35 2000</subfield>
      </datafield>
      <datafield tag="100" ind1="1" ind2=" ">
         <subfield code="a">Ḥajwarī, Yaḥyá ibn ʻAlī.</subfield>
      </datafield>
      <datafield tag="245" ind1="1" ind2="3">
         <subfield code="a">al-Taṣrīḥ bi-an qitāl bughāt al-rāfiḍah jihād ṣaḥīḥ /</subfield>
         <subfield code="c">li-Abi ̄ʻAbd al-Raḥmān Yaḥyá ibn ʻAlī al-Ḥajwarī; faraghahā wa-iʻtaná bihā Abū Turāb al-Jāwī.</subfield>
      </datafield>
      <datafield tag="250" ind1=" " ind2=" ">
         <subfield code="a">al-Tab&apos;ah 1.</subfield>
      </datafield>
      <datafield tag="260" ind1=" " ind2=" ">
         <subfield code="a">Dimāj, [Yemen] : Dār al-Ḥadīth, [200-?].</subfield>
      </datafield>
      <datafield tag="300" ind1=" " ind2=" ">
         <subfield code="a">66 p. ;</subfield>
         <subfield code="c">17 cm.</subfield>
      </datafield>
      <datafield tag="653" ind1=" " ind2=" ">
         <subfield code="a">Shīʻah</subfield>
         <subfield code="a">Controversial literature</subfield>
      </datafield>
      <datafield tag="948" ind1="0" ind2=" ">
         <subfield code="a">20111114</subfield>
         <subfield code="b">i</subfield>
         <subfield code="d">fl31</subfield>
         <subfield code="e">lts</subfield>
         <subfield code="h">lccairo</subfield>
      </datafield>
      <datafield tag="948" ind1="1" ind2=" ">
         <subfield code="a">20111122</subfield>
         <subfield code="b">o</subfield>
         <subfield code="d">ah16</subfield>
         <subfield code="e">lts</subfield>
      </datafield>
      <datafield tag="903" ind1=" " ind2=" ">
         <subfield code="a">NYUACO</subfield>
         <subfield code="d">20140514</subfield>
         <subfield code="p">31924116622444</subfield>
      </datafield>
      <datafield tag="950" ind1=" " ind2=" ">
         <subfield code="a">BP194.1</subfield>
         <subfield code="b">.H35 2000</subfield>
         <subfield code="v"> </subfield>
      </datafield>
   </record>
</collection>
